[
{"Product_title": "Berg New Yorker Hot Dogs 300g", "Product_image": "https://www.aldi.com.au/fileadmin/_processed_/d/2/csm_W12_SUPER_SAVERS_MEAT_1x1__ec62e3d1a0.jpg", "Packsize": "ea", "Price": "$3.69", "Price per unit": "$12.30 per kg"},
{"Product_title": "The Fishmonger Lightly Smoked Sashimi Style Salmon 85g", "Product_image": "https://www.aldi.com.au/fileadmin/_processed_/9/b/csm_W12_SUPER_SAVERS_MEAT_1x1_2_7dc5cc1939.jpg", "Packsize": "85g", "Price": "$3.99", "Price per unit": "$46.94 per kg"},
{"Product_title": "Olga\u2019s Fine Foods Chicken Kofta 500g", "Product_image": "https://www.aldi.com.au/fileadmin/_processed_/d/d/csm_W12_SUPER_SAVERS_MEAT_1x1_3_14368f3da8.jpg", "Packsize": "500g", "Price": "$5.99", "Price per unit": "$11.98 per kg"},
{"Product_title": "Bruemar Pork Belly with Maple & Bourbon Glaze per kg", "Product_image": "https://www.aldi.com.au/fileadmin/_processed_/4/5/csm_W12_SUPER_SAVERS_MEAT_1x1_4_83e71d85a1.jpg", "Packsize": "per kg", "Price": "$16.99", "Price per unit": "$16.99 per kg"},
{"Product_title": "Ready, Set\u2026Cook! Beef Kebabs 400g", "Product_image": "https://www.aldi.com.au/fileadmin/_processed_/9/5/csm_W12_SUPER_SAVERS_MEAT_1x1_5_39f8025e92.jpg", "Packsize": "400g", "Price": "$7.99", "Price per unit": "$19.98 per kg"},
{"Product_title": "Broad Oak Farms Chicken Drumsticks 2kg", "Product_image": "https://www.aldi.com.au/fileadmin/_processed_/d/c/csm_ALN3255_1x1_228x128_4_c7e8cee901.jpg", "Packsize": "2kg", "Price": "$5.99", "Price per unit": "$3.00 per kg"},
{"Product_title": "Killarnee Lamb Loin Chops per kg", "Product_image": "https://www.aldi.com.au/fileadmin/_processed_/b/5/csm_ALN3255_1x1_228x128_3_aced897aeb.jpg", "Packsize": "per kg", "Price": "$19.99", "Price per unit": "$19.99 per kg"},
{"Product_title": "Ocean Royale Atlantic Salmon Portions Skin On 1kg", "Product_image": "https://www.aldi.com.au/fileadmin/_processed_/7/c/csm_ALN3255_1x1_228x128_5_ed01d533fa.jpg", "Packsize": null, "Price": "$23.99", "Price per unit": "$23.99 per kg"},
{"Product_title": "Ocean Royale Salmon Wellington 280g", "Product_image": "https://www.aldi.com.au/fileadmin/_processed_/3/7/csm_ALN3255_1x1_228x128_7_aa4735cccf.jpg", "Packsize": null, "Price": "$4.99", "Price per unit": "$17.82 per kg"},
{"Product_title": "Monarc Crowns 4pk/475ml", "Product_image": "https://www.aldi.com.au/fileadmin/_processed_/b/8/csm_ALN3255_1x1_228x128_8_011dacff0a.jpg", "Packsize": "4pk", "Price": "$2.99", "Price per unit": "62c per 100ml"},
{"Product_title": "Monarc Obsession Ice Cream 1L", "Product_image": "https://www.aldi.com.au/fileadmin/_processed_/a/4/csm_ALN3255_1x1_228x128_9_85a81b784f.jpg", "Packsize": "ea", "Price": "$3.99", "Price per unit": "40c per 100ml"},
{"Product_title": "Food Envy Vanilla Bean Rice Pudding 2 x 170g", "Product_image": "https://www.aldi.com.au/fileadmin/_processed_/5/f/csm_ALN3255_1x1_228x128_23_a7ca917d34.jpg", "Packsize": "ea", "Price": "$1.49", "Price per unit": "44c per 100g"},
{"Product_title": "Belmont Biscuit Co. Jaffa Cakes 300g", "Product_image": "https://www.aldi.com.au/fileadmin/_processed_/7/b/csm_ALN3255_1x1_228x128_10_164904ec06.jpg", "Packsize": "ea", "Price": "$2.99", "Price per unit": "$1.00 per 100g"},
{"Product_title": "Trimat Advanced Laundry Liquid 2L \u2013 Regular", "Product_image": "https://www.aldi.com.au/fileadmin/_processed_/2/3/csm_ALN3248_Q1_WEB-AUDIT__LAUNDRY__1x1_228x128_2_9f0c8f4f4d.jpg", "Packsize": "2L", "Price": "$7.99", "Price per unit": "$4 per litre"},
{"Product_title": "Trimat Advanced Laundry Liquid 2L \u2013 Sensitive", "Product_image": "https://www.aldi.com.au/fileadmin/_processed_/5/8/csm_ALN3248_Q1_WEB-AUDIT__LAUNDRY__1x1_228x128_3_4095ed6e26.jpg", "Packsize": "2L", "Price": "$7.99", "Price per unit": "$4 per litre"},
{"Product_title": "Almat Laundry Powder Concentrate 2kg", "Product_image": "https://www.aldi.com.au/fileadmin/_processed_/8/6/csm_ALN2364_AWARDS_HOME_CLEANING_1x1_228x128_9_e4de55715b.jpg", "Packsize": "ea", "Price": "$4.99", "Price per unit": "$2.50 per kg"},
{"Product_title": "Almat Laundry Liquid Concentrate 2L", "Product_image": "https://www.aldi.com.au/fileadmin/_processed_/a/8/csm_ALN3077_LAUNDRY_1x1_228x128_3_b60ed568a8.jpg", "Packsize": "ea", "Price": "$4.99", "Price per unit": "$2.50 per litre"},
{"Product_title": "LACURA", "Product_image": "https://www.aldi.com.au/fileadmin/_processed_/7/d/csm_ALN1075_SKIN_CARE_UPDATE_1x1_228x128_6_2dac99110b.jpg", "Packsize": null, "Price": "$4.99", "Price per unit": "$9.98 per 100ml"},
{"Product_title": "LACURA", "Product_image": "https://www.aldi.com.au/fileadmin/_processed_/7/d/csm_ALP0614_WEB_AUDIT_2Q_LACURA_1x1_128x228__7337596be1.jpg", "Packsize": null, "Price": "$3.79", "Price per unit": "$2.53 per 100ml"},
{"Product_title": "LACURA", "Product_image": "https://www.aldi.com.au/fileadmin/_processed_/e/9/csm_ALP0614_WEB_AUDIT_2Q_LACURA_1x1_128x228_2_238ffd9714.jpg", "Packsize": null, "Price": "$3.79", "Price per unit": "$2.53 per 100ml"},
{"Product_title": "LACURA", "Product_image": "https://www.aldi.com.au/fileadmin/_processed_/1/6/csm_ALP0614_WEB_AUDIT_2Q_LACURA_1x1_128x228_3_41952414db.jpg", "Packsize": null, "Price": "$3.79", "Price per unit": "$2.53 per 100ml"},
{"Product_title": "LACURA", "Product_image": "https://www.aldi.com.au/fileadmin/_processed_/8/5/csm_ALC7782_THE_BLOCK_1x1_228x128_46_14b472b3c8.jpg", "Packsize": "30pk", "Price": "$1.69", "Price per unit": "6c per wipe"},
{"Product_title": "LACURA", "Product_image": "https://www.aldi.com.au/fileadmin/_processed_/d/8/csm_ALC7782_THE_BLOCK_1x1_228x128_47_c420f81809.jpg", "Packsize": null, "Price": "$1.69", "Price per unit": "6c per wipe"},
{"Product_title": "LACURA", "Product_image": "https://www.aldi.com.au/fileadmin/_processed_/7/7/csm_ALN1075_SKIN_CARE_UPDATE_1x1_228x128_9_1dbf20698f.jpg", "Packsize": null, "Price": "$1.39", "Price per unit": "$1.74 per 100 rounds"},
{"Product_title": "MAMIA\u00ae Unisex Newborn Nappies", "Product_image": "https://www.aldi.com.au/fileadmin/_processed_/2/7/csm_ALN3077_AWARD_NAPPIES_1x1_228x128__f9bd3e8363.jpg", "Packsize": null, "Price": "$3.99", "Price per unit": "14c per nappy"},
{"Product_title": "MAMIA\u00ae Unisex\u00a0Infant Nappies 4kg-8kg 56pk", "Product_image": "https://www.aldi.com.au/fileadmin/_processed_/4/e/csm_ALN3077_AWARD_NAPPIES_1x1_228x128_2_9895863bf6.jpg", "Packsize": "56pk", "Price": "$9.99", "Price per unit": "18c per nappy"},
{"Product_title": "MAMIA\u00ae Unisex Crawler Nappies 6kg-11kg 56pk", "Product_image": "https://www.aldi.com.au/fileadmin/_processed_/6/d/csm_ALN3077_AWARD_NAPPIES_1x1_228x128_3_3e8bd649f8.jpg", "Packsize": "56pk", "Price": "$9.99", "Price per unit": "18c per nappy"},
{"Product_title": "MAMIA\u00ae Unisex Toddler Nappies 10kg-15kg 50pk", "Product_image": "https://www.aldi.com.au/fileadmin/_processed_/7/5/csm_ALN3077_AWARD_NAPPIES_1x1_228x128_4_4488933568.jpg", "Packsize": "50pk", "Price": "$9.99", "Price per unit": "20c per nappy"},
{"Product_title": "MAMIA\u00ae Unisex Walker Nappies 13kg-18kg 44pk", "Product_image": "https://www.aldi.com.au/fileadmin/_processed_/b/3/csm_ALN3077_AWARD_NAPPIES_1x1_228x128_5_24d1115ec7.jpg", "Packsize": "44pk", "Price": "$9.99", "Price per unit": "23c per nappy"},
{"Product_title": "MAMIA\u00ae Unisex Junior Nappies 16kg-25kg 40pk", "Product_image": "https://www.aldi.com.au/fileadmin/_processed_/5/c/csm_ALN3077_AWARD_NAPPIES_1x1_228x128_6_26cfa6aa0e.jpg", "Packsize": "40pk", "Price": "$9.99", "Price per unit": "25c per nappy"},
{"Product_title": "Blackstone Paddock Barossa Valley Shiraz 750ml", "Product_image": "https://www.aldi.com.au/fileadmin/_processed_/7/6/csm_ALN3248_Q1_WEB-AUDIT__WINE__1x1_228x128_8_ec0766fbbb.jpg", "Packsize": null, "Price": "$17.99", "Price per unit": null},
{"Product_title": "Blackstone Paddock \u201cThe Player\u201d Barossa Valley Shiraz\u00a0750ml", "Product_image": "https://www.aldi.com.au/fileadmin/_processed_/d/1/csm_ALN2364_AWARDS_WINE_1x1_228x128_28_311a11399e.jpg", "Packsize": null, "Price": "$12.99", "Price per unit": null},
{"Product_title": "Dentitex Advanced Whitening Toothpaste", "Product_image": "https://www.aldi.com.au/fileadmin/_processed_/9/3/csm_ALN2364-7_HEALTH_1x1_228x128__d9c1a69508.jpg", "Packsize": "140g", "Price": "$1.79", "Price per unit": "$1.28 per 100g"},
{"Product_title": "Dentitex Sensitive Plus Whitening Toothpaste", "Product_image": "https://www.aldi.com.au/fileadmin/_processed_/6/2/csm_ALN2364-7_HEALTH_1x1_228x128_5_684b45adc5.jpg", "Packsize": null, "Price": "$4.49", "Price per unit": "$4.08 per 100g"},
{"Product_title": "Dentitex Interdental Pro Toothbrush 2pk", "Product_image": "https://www.aldi.com.au/fileadmin/_processed_/b/6/csm_ALN2853_HEALTH_1x1_228x128_4_5cb4d06f7a.jpg", "Packsize": "2pk", "Price": "$1.99", "Price per unit": "$1.00 per unit"},
{"Product_title": "Dentitex Orbit Toothbrush 2pk", "Product_image": "https://www.aldi.com.au/fileadmin/_processed_/3/a/csm_ALN2364-7_HEALTH_1x1_228x128_3_e4b1c3337d.jpg", "Packsize": "2pk", "Price": "$2.99", "Price per unit": "$1.50 per unit"},
{"Product_title": "Dentitex Mouthwash 1L", "Product_image": "https://www.aldi.com.au/fileadmin/_processed_/7/8/csm_ALN2853_HEALTH_1x1_228x128_5_90b70c5e97.jpg", "Packsize": "1L", "Price": "$4.19", "Price per unit": "42c per 100mL"},
{"Product_title": "Power Force Gel Toilet Discs 75ml", "Product_image": "https://www.aldi.com.au/fileadmin/_processed_/0/4/csm_ALN2364_AWARDS_HOME_CLEANING_1x1_228x128__df81e22722.jpg", "Packsize": null, "Price": "$4.99", "Price per unit": "$6.65 per 100ml"},
{"Product_title": "Power Force Anti Bac Plus Surface Spray Disinfectant 300g", "Product_image": "https://www.aldi.com.au/fileadmin/_processed_/3/4/csm_ALN2619_Q4_WEB_AUDIT_HOUSEHOLD_1x1_228x128_7_R_79e17b707d.jpg", "Packsize": null, "Price": "$3.69", "Price per unit": "$1.23 per 100g"},
{"Product_title": "Logix Complete Dishwashing Tablets 30pk", "Product_image": "https://www.aldi.com.au/fileadmin/_processed_/4/9/csm_ALN3248_Q1_WEB-AUDIT__HOUSEHOLD__1x1_228x128_1_aad92f09bd.jpg", "Packsize": null, "Price": "$4.29", "Price per unit": "14c per tablet"},
{"Product_title": "Logix Platinum Dishwashing Tablets 40pk", "Product_image": "https://www.aldi.com.au/fileadmin/_processed_/5/1/csm_ALN3248_Q1_WEB-AUDIT__HOUSEHOLD__1x1_228x128_2_4005e23ecc.jpg", "Packsize": null, "Price": "$7.69", "Price per unit": "19c per tablet"},
{"Product_title": "Atlas Kill & Protect High Performance Surface & Cockroach Spray 350g", "Product_image": "https://www.aldi.com.au/fileadmin/_processed_/a/d/csm_ALN2364_AWARDS_HOUSEHOLD_1x1_228x128__c17879937f.jpg", "Packsize": null, "Price": "$2.69", "Price per unit": "77c per 100g"},
{"Product_title": "Atlas Kill & Protect Fast Knockdown Flying Insect Spray 300g", "Product_image": "https://www.aldi.com.au/fileadmin/_processed_/c/a/csm_ALN2364_AWARDS_HOUSEHOLD_1x1_228x128_2_5f362f794e.jpg", "Packsize": null, "Price": "$2.39", "Price per unit": "80c per 100g"},
{"Product_title": "Power Force Pro Multi Purpose Cleaner 750ml", "Product_image": "https://www.aldi.com.au/fileadmin/_processed_/8/f/csm_ALN2991_AWARDS_HOUSEHOLD_1x1_228x128_4_abbabb6b20.jpg", "Packsize": null, "Price": "$1.79", "Price per unit": "24c per 100ml"},
{"Product_title": "Power Force Pro Bath & Shower Cleaner 750ml", "Product_image": "https://www.aldi.com.au/fileadmin/_processed_/b/0/csm_ALN2853_AWARDS_HOUSEHOLD_1x1_228x128__ddce1e329c.jpg", "Packsize": null, "Price": "$2.39", "Price per unit": "32c per 100ml"},
{"Product_title": "Storm Brewing Co. Premium Light Lager 6 x 330mL", "Product_image": "https://www.aldi.com.au/fileadmin/_processed_/6/9/csm_ALN2364_AWARDS_BEER_1x1_228x128_9_36178c103b.jpg", "Packsize": null, "Price": "$7.99", "Price per unit": null},
{"Product_title": "Storm Brewing Co. Premium Super Dry Beer 6 x 330mL", "Product_image": "https://www.aldi.com.au/fileadmin/_processed_/4/0/csm_ALN2364_AWARDS_BEER_1x1_228x128_10_37ada1dcdd.jpg", "Packsize": null, "Price": "$9.99", "Price per unit": null},
{"Product_title": "Fraser Briggs Premium Lager 6 x 330mL", "Product_image": "https://www.aldi.com.au/fileadmin/_processed_/2/3/csm_ALN2364_AWARDS_BEER_1x1_228x128_11_6f44120903.jpg", "Packsize": null, "Price": "$9.99", "Price per unit": null},
{"Product_title": "Cape Cyan Natural Blonde Beer 6 x 330mL", "Product_image": "https://www.aldi.com.au/fileadmin/_processed_/2/d/csm_ALN2364_AWARDS_BEER_1x1_228x128_12_2403b16355.jpg", "Packsize": null, "Price": "$9.99", "Price per unit": null},
{"Product_title": "Monsigny Champagne Brut NV 750ml", "Product_image": "https://www.aldi.com.au/fileadmin/_processed_/3/d/csm_ALN2364_AWARDS_CHAMPAGNE_SPARKLING_1x1_228x128__928a42594a.jpg", "Packsize": null, "Price": "$22.99", "Price per unit": null},
{"Product_title": "Veuve Olivier French Sparkling Wine NV\u00a0750ml", "Product_image": "https://www.aldi.com.au/fileadmin/_processed_/8/8/csm_ALN2670_Q1_WEB_AUDIT__CHAMPAGNE_SPARKLING__1x1_228x128__cc94bfc416.jpg", "Packsize": null, "Price": "$7.49", "Price per unit": null},
{"Product_title": "South Point Estate Sparkling Chardonnay Pinot Noir NV 750ml", "Product_image": "https://www.aldi.com.au/fileadmin/_processed_/2/9/csm_ALN3077_AWARD_SPARKLING-CHAMPAGNE_1x1_228x128__6fc1c8e364.jpg", "Packsize": null, "Price": "$4.99", "Price per unit": null},
{"Product_title": "Highland Earl Blended Scotch Whisky 700ml", "Product_image": "https://www.aldi.com.au/fileadmin/_processed_/7/5/csm_ALN2364_AWARDS_SPIRITS_1x1_228x128_5_a5e27832de.jpg", "Packsize": null, "Price": "$32.99", "Price per unit": null},
{"Product_title": "Tamova Quadruple Distilled Vodka 700ml", "Product_image": "https://www.aldi.com.au/fileadmin/_processed_/0/a/csm_ALN2619_Q4_WEB_AUDIT_SPIRITS_1x1_228x128__68dc19da09.jpg", "Packsize": null, "Price": "$29.99", "Price per unit": null},
{"Product_title": "Darley\u2019s London Style Gin 700ml", "Product_image": "https://www.aldi.com.au/fileadmin/_processed_/d/5/csm_ALN2364_AWARDS_SPIRITS_1x1_228x128_6_6798243031.jpg", "Packsize": null, "Price": "$29.99", "Price per unit": null},
{"Product_title": "Highland Black 8YO Blended Scotch Whisky 700ml", "Product_image": "https://www.aldi.com.au/fileadmin/_processed_/0/5/csm_ALN2364_AWARDS_SPIRITS_1x1_228x128__bf3a04c542.jpg", "Packsize": null, "Price": "$36.99", "Price per unit": null},
{"Product_title": "Bluegrass Kentucky Bourbon 700ml", "Product_image": "https://www.aldi.com.au/fileadmin/_processed_/5/1/csm_ALN2364_AWARDS_SPIRITS_1x1_228x128_2_e2db5e0930.jpg", "Packsize": null, "Price": "$31.49", "Price per unit": null},
{"Product_title": "Jim Beam Bourbon 700mL", "Product_image": "https://www.aldi.com.au/fileadmin/_processed_/9/a/csm_ALN2218_Jim_Beam_Bourbon_700ml_1x1_228x128_62c16953e5.jpg", "Packsize": null, "Price": "$37.95", "Price per unit": null},
{"Product_title": "Gluten Free Penne 500g", "Product_image": "https://www.aldi.com.au/fileadmin/_processed_/6/b/csm_ALN2147_Q4_GLUTEN-FREE_1x1_228x128_4_c0a7d00059.jpg", "Packsize": null, "Price": "$2.29", "Price per unit": "46c per 100g"},
{"Product_title": "Gluten Free Spirals 500g", "Product_image": "https://www.aldi.com.au/fileadmin/_processed_/6/0/csm_ALN3077_GLUTEN-FREE_1x1_228x128__7ce49aa2e0.jpg", "Packsize": null, "Price": "$2.29", "Price per unit": "46c per 100g"},
{"Product_title": "Gluten Free Corn Flakes 375g", "Product_image": "https://www.aldi.com.au/fileadmin/_processed_/5/4/csm_ALN1075_1x1_GF_228x128__9e8add9131.jpg", "Packsize": null, "Price": "$2.99", "Price per unit": "80c per 100g"},
{"Product_title": "Gluten Free Cocoa Puffs 475g", "Product_image": "https://www.aldi.com.au/fileadmin/_processed_/b/3/csm_ALN1075_1x1_GF_228x128_2_150eb74508.jpg", "Packsize": null, "Price": "$2.99", "Price per unit": "63c per 100g"},
{"Product_title": "Gluten Free Plain Flour 500g", "Product_image": "https://www.aldi.com.au/fileadmin/_processed_/7/6/csm_ALN2147_Q4_GLUTEN-FREE_1x1_228x128_5_f6210b29c2.jpg", "Packsize": null, "Price": "$2.29", "Price per unit": "$4.58 per kg"},
{"Product_title": "Mamia Baby Wipes 80pk Scented", "Product_image": "https://www.aldi.com.au/fileadmin/_processed_/6/4/csm_ALN3248_Q1_WEB-AUDIT__BABY__1x1_228x128_1_d23450f8af.jpg", "Packsize": null, "Price": "$1.89", "Price per unit": "$2.36 per 100 wipes"},
{"Product_title": "Mamia Baby Wipes 80pk Fragrance Free", "Product_image": "https://www.aldi.com.au/fileadmin/_processed_/b/3/csm_ALN3248_Q1_WEB-AUDIT__BABY__1x1_228x128_2_c0056a4c8c.jpg", "Packsize": null, "Price": "$1.89", "Price per unit": "$2.36 per 100 wipes"},
{"Product_title": "Mamia Premium Baby Wipes Fragrance Free 240pk", "Product_image": "https://www.aldi.com.au/fileadmin/_processed_/a/f/csm_ALN1075_1x1_BABY_228x128_7_0bde3ee9ed.jpg", "Packsize": null, "Price": "$7.69", "Price per unit": "$3.20 per 100 wipes"},
{"Product_title": "Mamia Baby Wipes 480pk Fragance free", "Product_image": "https://www.aldi.com.au/fileadmin/_processed_/0/b/csm_ALN3248_Q1_WEB-AUDIT__BABY__1x1_228x128_5_485caf9727.jpg", "Packsize": null, "Price": "$8.99", "Price per unit": "$1.87 per 100 wipes"},
{"Product_title": "Mamia Baby Wipes Embossed Fragrance Free 80pk", "Product_image": "https://www.aldi.com.au/fileadmin/_processed_/2/f/csm_ALN3248_Q1_WEB-AUDIT__BABY__1x1_228x128_3_78fb28cd7c.jpg", "Packsize": null, "Price": "$2.69", "Price per unit": "$3.36 per 100 wipes"},
{"Product_title": "Mamia Baby Wipes Embossed Scented 80pk", "Product_image": "https://www.aldi.com.au/fileadmin/_processed_/3/d/csm_ALN3248_Q1_WEB-AUDIT__BABY__1x1_228x128_4_d742ad5cb4.jpg", "Packsize": null, "Price": "$2.69", "Price per unit": "$3.36 per 100 wipes"},
{"Product_title": "The Tudor Central Victorian Shiraz 750ml", "Product_image": "https://www.aldi.com.au/fileadmin/_processed_/5/9/csm_ALN2670_Q1_WEB_AUDIT__WINE__1x1_228x128_4_5832f4406b.jpg", "Packsize": null, "Price": "$12.99", "Price per unit": null},
{"Product_title": "A.C. Byrne & Co McLaren Vale Shiraz 750ml", "Product_image": "https://www.aldi.com.au/fileadmin/_processed_/7/f/csm_ALN2670_Q1_WEB_AUDIT__WINE__1x1_228x128__9b22f47723.jpg", "Packsize": null, "Price": "$9.99", "Price per unit": null},
{"Product_title": "One Road South Australia & Heathcote Shiraz 750ml", "Product_image": "https://www.aldi.com.au/fileadmin/_processed_/b/e/csm_ALN2364_AWARDS_WINE_1x1_228x128__9594f24e9c.jpg", "Packsize": null, "Price": "$7.49", "Price per unit": null},
{"Product_title": "Taylors Special Release Clare Valley Shiraz 750ml", "Product_image": "https://www.aldi.com.au/fileadmin/_processed_/c/a/csm_ALN2619_Q4_WEB_AUDIT_WINE_1x1_228x128_4_b29f70e18b.jpg", "Packsize": null, "Price": "$14.99", "Price per unit": null},
{"Product_title": "Small Talk Shiraz 1L", "Product_image": "https://www.aldi.com.au/fileadmin/_processed_/4/8/csm_ALN2230_Q1_WINE_1x1_228x128_23_8e2533e7ac.jpg", "Packsize": null, "Price": "$5.99", "Price per unit": null},
{"Product_title": "Precious Earth Shiraz\u00a0\u00a0750ml", "Product_image": "https://www.aldi.com.au/fileadmin/_processed_/8/8/csm_ALN2230_Q1_WINE_1x1_228x128_4_9e01fa9953.jpg", "Packsize": null, "Price": "$2.99", "Price per unit": null},
{"Product_title": "Blackstone Paddock Margaret River Cabernet Sauvignon 750ml", "Product_image": "https://www.aldi.com.au/fileadmin/_processed_/5/c/csm_ALN3248_Q1_WEB-AUDIT__WINE__1x1_228x128_7_2abd1358ac.jpg", "Packsize": null, "Price": "$17.99", "Price per unit": null},
{"Product_title": "Vinology McLaren Vale Organic Cabernet Sauvignon 750ml", "Product_image": "https://www.aldi.com.au/fileadmin/_processed_/2/4/csm_ALN3077_AWARD_WINE_1x1_228x128_3_3be3a71768.jpg", "Packsize": null, "Price": "$11.99", "Price per unit": null},
{"Product_title": "Dentitex Mouthwash 500ml", "Product_image": "https://www.aldi.com.au/fileadmin/_processed_/2/1/csm_ALN3077_HEALTH_1x1_228x128_be3f781b52.jpg", "Packsize": "500ml", "Price": "$3.49", "Price per unit": "70c per ml"},
{"Product_title": "Essential Health Paw Paw Ointment", "Product_image": "https://www.aldi.com.au/fileadmin/_processed_/9/0/csm_ALN2364-7_HEALTH_1x1_228x128_6_678cce7213.jpg", "Packsize": "ea", "Price": "$2.79", "Price per unit": "$11.16 per 100g"},
{"Product_title": "Green Action Eucalyptus Oil 100ml", "Product_image": "https://www.aldi.com.au/fileadmin/_processed_/0/d/csm_ALN2853_HEALTH_1x1_228x128_2_52ddfb3258.jpg", "Packsize": "100ml", "Price": "$6.99", "Price per unit": "$6.99 per 100ml"},
{"Product_title": "Hedafen Ibuprofen 24pk", "Product_image": "https://www.aldi.com.au/fileadmin/_processed_/e/e/csm_ALN2364-7_HEALTH_1x1_228x128_7_5e19cb1d8b.jpg", "Packsize": "24pk", "Price": "$1.49", "Price per unit": "6c per tablet"},
{"Product_title": "Hedafen Ibuprofen Liquid Capsules 20pk", "Product_image": "https://www.aldi.com.au/fileadmin/_processed_/2/b/csm_ALN2364-7_HEALTH_1x1_228x128_8_d5b131d4a1.jpg", "Packsize": "20pk", "Price": "$2.39", "Price per unit": "12c per capsule"},
{"Product_title": "Power Force Pro Heavy Duty Cleaner 1.25L", "Product_image": "https://www.aldi.com.au/fileadmin/_processed_/0/f/csm_ALN2853_AWARDS_HOUSEHOLD_1x1_228x128_2_3d36a4ff15.jpg", "Packsize": null, "Price": "$2.19", "Price per unit": "18c per 100ml"},
{"Product_title": "Tandil Ultra Dishwashing Liquid 450ml", "Product_image": "https://www.aldi.com.au/fileadmin/_processed_/6/f/csm_ALN3077_AWARDS-LAUNDRY-HOUSEHOLD_1x1_228x128__15b73ca48b.jpg", "Packsize": null, "Price": "$1.59", "Price per unit": "35c per 100ml"},
{"Product_title": "Power Force Pro Disinfectant Wipes 120pk", "Product_image": "https://www.aldi.com.au/fileadmin/_processed_/6/7/csm_ALN2853_AWARDS_HOUSEHOLD_1x1_228x128_3_cd147d9a8f.jpg", "Packsize": null, "Price": "$2.99", "Price per unit": "$2.50 per 100 wipes"},
{"Product_title": "Confidence Samson Paper Towel 3ply 3pk", "Product_image": "https://www.aldi.com.au/fileadmin/_processed_/9/5/csm_ALN2364_HOUSEHOLD_1x1_228x128_7_3124977ae3.jpg", "Packsize": null, "Price": "$2.99", "Price per unit": "$1.66 per 100 sheets ($1.00 per roll)"},
{"Product_title": "Confidence Toilet Tissue Hypoallgerenic 4ply 8pk", "Product_image": "https://www.aldi.com.au/fileadmin/_processed_/f/5/csm_ALN2364_HOUSEHOLD_1x1_228x128_8_5bc08f7f42.jpg", "Packsize": null, "Price": "$3.99", "Price per unit": "36c per 100 sheets (50c per roll)"},
{"Product_title": "Sainte Etienne Premium Lager 6 x 330mL", "Product_image": "https://www.aldi.com.au/fileadmin/_processed_/e/7/csm_ALN2364_AWARDS_BEER_1x1_228x128_13_ceafcb40c3.jpg", "Packsize": null, "Price": "$8.99", "Price per unit": null},
{"Product_title": "Corte Carista Prosecco DOC NV\u00a0750ml", "Product_image": "https://www.aldi.com.au/fileadmin/_processed_/a/9/csm_ALN2364_AWARDS_CHAMPAGNE_SPARKLING_1x1_228x128_4_4b683a81a2.jpg", "Packsize": null, "Price": "$9.99", "Price per unit": null},
{"Product_title": "Yellowglen Chardonnay Pinot Noir Prosecco Ros\u00e9 750ml", "Product_image": "https://www.aldi.com.au/fileadmin/_processed_/6/1/csm_ALN3077_SPARKLING-CHAMPAGNE_1x1_228x128__98a8aa8761.jpg", "Packsize": null, "Price": "$7.99", "Price per unit": null},
{"Product_title": "Yellowglen Chardonnay Pinot Noir & Prosecco 750ml", "Product_image": "https://www.aldi.com.au/fileadmin/_processed_/b/e/csm_ALN2230_Q1_CHAMPAGNE-SPARKLING_1x1_228x128__2ec4740364.jpg", "Packsize": null, "Price": "$7.99", "Price per unit": null},
{"Product_title": "Claire Creek Sparkling Moscato NV\u00a0750ml", "Product_image": "https://www.aldi.com.au/fileadmin/_processed_/8/9/csm_ALN2230_Q1_CHAMPAGNE-SPARKLING_1x1_228x128_3_37d3592e25.jpg", "Packsize": null, "Price": "$3.99", "Price per unit": null},
{"Product_title": "Claire Creek Sparkling Moscato Rosa NV 750ml", "Product_image": "https://www.aldi.com.au/fileadmin/_processed_/6/7/csm_ALN2619_Q4_WEB_AUDIT_CHAMPAGNE_SPARKLING_1x1_228x128_2_887704e120.jpg", "Packsize": null, "Price": "$3.99", "Price per unit": null},
{"Product_title": "Baroque Brandy 700ml", "Product_image": "https://www.aldi.com.au/fileadmin/_processed_/f/6/csm_ALN2364_AWARDS_SPIRITS_1x1_228x128_7_fce9b2f811.jpg", "Packsize": null, "Price": "$29.99", "Price per unit": null},
{"Product_title": "O\u2019Donnells Irish Country Cream Liqueur 700ml", "Product_image": "https://www.aldi.com.au/fileadmin/_processed_/5/0/csm_ALN2364_AWARDS_SPIRITS_1x1_228x128_3_9e7c9a1dec.jpg", "Packsize": null, "Price": "$13.99", "Price per unit": null},
{"Product_title": "Baileys Irish Cream 700mL", "Product_image": "https://www.aldi.com.au/fileadmin/_processed_/8/6/csm_ALN2147_Q4_SPIRITS_1x1_228x128_c9d3ff886a.jpg", "Packsize": null, "Price": "$28.99", "Price per unit": null},
{"Product_title": "Bluegrass Kentucky Straight Bourbon Whiskey & Cola 6pk", "Product_image": "https://www.aldi.com.au/fileadmin/_processed_/d/a/csm_ALC7312_LIQUOR_1x1s_228x128_6_c5142c8708.jpg", "Packsize": "6pk", "Price": "$17.99", "Price per unit": null},
{"Product_title": "Striganov Vodka Crush Raspberry 4pk", "Product_image": "https://www.aldi.com.au/fileadmin/_processed_/5/8/csm_ALN2364_AWARDS_SPIRITS_1x1_228x128_8_29fef96620.jpg", "Packsize": null, "Price": "$9.99", "Price per unit": null},
{"Product_title": "Striganov Vodka Crush Guava 4pk", "Product_image": "https://www.aldi.com.au/fileadmin/_processed_/7/c/csm_ALN2364_AWARDS_SPIRITS_1x1_228x128_9_b59721ae75.jpg", "Packsize": null, "Price": "$9.99", "Price per unit": null},
{"Product_title": "Striganov Vodka Crush Lemon Lime 4pk", "Product_image": "https://www.aldi.com.au/fileadmin/_processed_/b/1/csm_ALN2364_AWARDS_SPIRITS_1x1_228x128_10_f094509d99.jpg", "Packsize": null, "Price": "$9.99", "Price per unit": null},
{"Product_title": "Striganov Vodka Crush Watermelon 4pk", "Product_image": "https://www.aldi.com.au/fileadmin/_processed_/0/8/csm_ALN2364_AWARDS_SPIRITS_1x1_228x128_11_ffeb0e74f6.jpg", "Packsize": null, "Price": "$9.99", "Price per unit": null},
{"Product_title": "Choceur Caramel Filled Milk Chocolate Block 200g", "Product_image": "https://www.aldi.com.au/fileadmin/_processed_/6/a/csm_ALN2460_Q3_WEB_AUDIT_Chocolate__1x1_228x128_3_e67dcf7a07.jpg", "Packsize": null, "Price": "$2.99", "Price per unit": "$1.50 per 100g"},
{"Product_title": "Choceur Milk & White Chocolate Block 200g", "Product_image": "https://www.aldi.com.au/fileadmin/_processed_/c/8/csm_ALN2460_Q3_WEB_AUDIT_Chocolate__1x1_228x128_4_78dbbba64b.jpg", "Packsize": null, "Price": "$2.99", "Price per unit": "$1.50 per 100g"},
{"Product_title": "Choceur Salted Pretzel Chocolate Block 200g", "Product_image": "https://www.aldi.com.au/fileadmin/_processed_/4/f/csm_ALN2460_Q3_WEB_AUDIT_Chocolate__1x1_228x128_5_659698b53b.jpg", "Packsize": null, "Price": "$2.99", "Price per unit": "$1.50 per 100g"},
{"Product_title": "Choceur Coffee & Cream Chocolate Block 200g", "Product_image": "https://www.aldi.com.au/fileadmin/_processed_/a/0/csm_ALN1075_1x1_CHOCOLATE_228x128_3_4821d9e789.jpg", "Packsize": null, "Price": "$2.99", "Price per unit": "$1.50 per 100g"},
{"Product_title": "Choceur Milk Hazelnut Chocolate\u00a0Block 200g", "Product_image": "https://www.aldi.com.au/fileadmin/_processed_/2/a/csm_ALN1075_1x1_CHOCOLATE_228x128__eb415d998d.jpg", "Packsize": null, "Price": "$2.99", "Price per unit": "$1.50 per 100g"},
{"Product_title": "Just Organic Extra Virgin Olive Oil 500ml", "Product_image": "https://www.aldi.com.au/fileadmin/_processed_/5/7/csm_ALN2230_Q1_OLIVE_OIL_1x1_228x128__a535a40aec.jpg", "Packsize": null, "Price": "$4.69", "Price per unit": "94c per 100ml"},
{"Product_title": "Remano Olive Oil / Mild Olive Oil 1L", "Product_image": "https://www.aldi.com.au/fileadmin/_processed_/b/a/csm_ALN1075_OLIVE-OIL_1x1_228x128_3_01_903bd437f6.jpg", "Packsize": "ea", "Price": "$5.99", "Price per unit": "60c per 100ml"},
{"Product_title": "The Olive Tree Australian Extra Virgin Olive Oil Spray 225g", "Product_image": "https://www.aldi.com.au/fileadmin/_processed_/f/b/csm_ALN1726-3_1x1_OLIVE-OIL_228x128__1ed3ae0fb0.jpg", "Packsize": null, "Price": "$2.99", "Price per unit": "$1.33 per 100g"},
{"Product_title": "The Olive Tree Australian Extra Virgin Olive Oil 1L \u2013 Classic", "Product_image": "https://www.aldi.com.au/fileadmin/_processed_/4/b/csm_ALN2364_AWARDS_OILS-SAUCES_1x1_228x128__905cf88253.jpg", "Packsize": null, "Price": "$8.99", "Price per unit": "90c per 100ml"},
{"Product_title": "Just Organic Pasta Sauces 500g", "Product_image": "https://www.aldi.com.au/fileadmin/_processed_/9/f/csm_ALN2745_Q2_WEB_AUDIT__JUST-ORGANIC__1x1_228x128_1_a02c6a78fe.jpg", "Packsize": null, "Price": "$2.49", "Price per unit": "50c per 100g"},
{"Product_title": "Just Organic Passata 690g", "Product_image": "https://www.aldi.com.au/fileadmin/_processed_/3/a/csm_ALN2230_Q1_ORGANIC_1x1_228x128_3_fb7f52bc89.jpg", "Packsize": null, "Price": "$2.09", "Price per unit": "30c per 100g"},
{"Product_title": "Just Organic Penne Pasta 500g", "Product_image": "https://www.aldi.com.au/fileadmin/_processed_/0/7/csm_ALN2460_Q3_WEB_AUDIT_Just_Organic__1x1_228x128_5_8820d95ba9.jpg", "Packsize": null, "Price": "$1.59", "Price per unit": "32c per 100g"},
{"Product_title": "Gluten Free Self Raising Flour 500g", "Product_image": "https://www.aldi.com.au/fileadmin/_processed_/1/8/csm_ALN2147_Q4_GLUTEN-FREE_1x1_228x128_6_a60df0943b.jpg", "Packsize": null, "Price": "$2.29", "Price per unit": "$4.58 per kg"},
{"Product_title": "Gluten Free Spaghetti 500g", "Product_image": "https://www.aldi.com.au/fileadmin/_processed_/f/a/csm_ALN2147_Q4_GLUTEN-FREE_1x1_228x128_3_2c8abe4d74.jpg", "Packsize": null, "Price": "$2.29", "Price per unit": "46c per 100g"},
{"Product_title": "Has No Gluten Free Biscuits 180g", "Product_image": "https://www.aldi.com.au/fileadmin/_processed_/7/0/csm_ALN2805-1_SS_1x1_228x128_SEPTEMBER_10_38e0ccad49.jpg", "Packsize": "ea", "Price": "$2.79", "Price per unit": "$1.55 per 100g"},
{"Product_title": "Has No Gluten Free Coconut Macaroons 160g", "Product_image": "https://www.aldi.com.au/fileadmin/_processed_/1/f/csm_ALN2805-1_SS_1x1_228x128_SEPTEMBER_11_33e261d175.jpg", "Packsize": null, "Price": "$2.49", "Price per unit": "$1.56 per 100g"},
{"Product_title": "The Pond Cabernet Sauvignon 750ml", "Product_image": "https://www.aldi.com.au/fileadmin/_processed_/f/b/csm_ALN2619_Q4_WEB_AUDIT_WINE_1x1_228x128__e0dc68a7e7.jpg", "Packsize": null, "Price": "$6.99", "Price per unit": null},
{"Product_title": "The Venturer Series Durif 750ml", "Product_image": "https://www.aldi.com.au/fileadmin/_processed_/5/4/csm_ALN3077_AWARD_WINE_1x1_228x128_2_54d069ebcc.jpg", "Packsize": null, "Price": "$8.99", "Price per unit": null},
{"Product_title": "Coraggioso Nero D\u2019Avola 750ml", "Product_image": "https://www.aldi.com.au/fileadmin/_processed_/1/2/csm_ALN2619_Q4_WEB_AUDIT_WINE_1x1_228x128_3_6e653cf1d4.jpg", "Packsize": null, "Price": "$5.99", "Price per unit": null},
{"Product_title": "Vall\u00e9e Des Secrets Sparkling Cuv\u00e9e NV 750ml", "Product_image": "https://www.aldi.com.au/fileadmin/_processed_/5/a/csm_ALN2364_AWARDS_CHAMPAGNE_SPARKLING_1x1_228x128_8_8231f04af7.jpg", "Packsize": null, "Price": "$12.99", "Price per unit": null},
{"Product_title": "Choceur Dark Hazelnut Chocolate Block 200g", "Product_image": "https://www.aldi.com.au/fileadmin/_processed_/1/0/csm_ALC7929_Choceur_Range_1x1_228x128_2_94a3b1e04e.jpg", "Packsize": null, "Price": "$2.99", "Price per unit": "$1.50 per 100g"},
{"Product_title": "Choceur Fruit & Nut Chocolate Block 200g", "Product_image": "https://www.aldi.com.au/fileadmin/_processed_/c/f/csm_ALC7929_Choceur_Range_1x1_228x128_4_d70e55dc3a.jpg", "Packsize": null, "Price": "$2.99", "Price per unit": "$1.50 per 100g"},
{"Product_title": "Choceur White Chocolate Block 200g", "Product_image": "https://www.aldi.com.au/fileadmin/_processed_/7/c/csm_ALC7929_Choceur_Range_1x1_228x128_7_0ad82064c2.jpg", "Packsize": null, "Price": "$2.99", "Price per unit": "$1.50 per 100g"},
{"Product_title": "Choceur Rum Raisin & Nut Chocolate Block 200g", "Product_image": "https://www.aldi.com.au/fileadmin/_processed_/8/0/csm_ALC7929_Choceur_Range_1x1_228x128_5_e9f7b644ce.jpg", "Packsize": null, "Price": "$2.99", "Price per unit": "$1.50 per 100g"},
{"Product_title": "Choceur Milk Chocolate Block 200g", "Product_image": "https://www.aldi.com.au/fileadmin/_processed_/6/d/csm_ALC7929_Choceur_Range_1x1_228x128_16_290ff7d341.jpg", "Packsize": null, "Price": "$2.99", "Price per unit": "$1.50 per 100g"},
{"Product_title": "Choceur Dark Chocolate Block 200g", "Product_image": "https://www.aldi.com.au/fileadmin/_processed_/7/2/csm_ALC7929_Choceur_Range_1x1_228x128_15_c9eb465d0b.jpg", "Packsize": null, "Price": "$2.99", "Price per unit": "$1.50 per 100g"},
{"Product_title": "The Olive Tree Australian Extra Virgin Olive Oil 3L", "Product_image": "https://www.aldi.com.au/fileadmin/_processed_/6/9/csm_ALN2364_AWARDS_OILS-SAUCES_1x1_228x128_2_97c6e8fa85.jpg", "Packsize": null, "Price": "$23.99", "Price per unit": "80c per 100ml"},
{"Product_title": "Remano Extra Virgin Olive Oil 3.78L", "Product_image": "https://www.aldi.com.au/fileadmin/_processed_/5/4/csm_ALN1136_1x1_OIL_228x128_3_ad13e61490.jpg", "Packsize": null, "Price": "$19.99", "Price per unit": "53c per 100ml"},
{"Product_title": "Cobram Estate\u00a0 Australia Extra Virgin Olive Oil 500ml", "Product_image": "https://www.aldi.com.au/fileadmin/_processed_/f/c/csm_ALN1075_OLIVE-OIL_1x1_228x128_3_2e4e733cf5.jpg", "Packsize": "ea", "Price": "$9.49", "Price per unit": "$1.90 per 100ml"},
{"Product_title": "Choceur Milk Almond Chocolate Block 200g", "Product_image": "https://www.aldi.com.au/fileadmin/_processed_/f/2/csm_ALC7929_Choceur_Range_1x1_228x128__e3419fff68.jpg", "Packsize": null, "Price": "$2.99", "Price per unit": "$1.50 per 100g"},
{"Product_title": "Choceur Dark Almond Chocolate Block 200g", "Product_image": "https://www.aldi.com.au/fileadmin/_processed_/2/e/csm_ALN1075_1x1_CHOCOLATE_228x128_9_9f99d831fc.jpg", "Packsize": null, "Price": "$2.99", "Price per unit": "$1.50 per 100g"},
{"Product_title": "Hazelnut Cr\u00e8me Mini Chocolate Bars 5 x 40g", "Product_image": "https://www.aldi.com.au/fileadmin/_processed_/a/f/csm_ALN1075_1x1_CHOCOLATE_228x128_6_c1be250e10.jpg", "Packsize": "5pk", "Price": "$2.99", "Price per unit": "$1.50 per 100g"},
{"Product_title": "Milk Mini Chocolate Bars 5 x 40g", "Product_image": "https://www.aldi.com.au/fileadmin/_processed_/c/e/csm_ALC7929_Choceur_Range_1x1_228x128_9_ce5fd0c5ec.jpg", "Packsize": "5pk", "Price": "$2.99", "Price per unit": "$1.50 per 100g"},
{"Product_title": "Dark Mini Chocolate Bars 5 x 40g", "Product_image": "https://www.aldi.com.au/fileadmin/_processed_/c/0/csm_ALC7929_Choceur_Range_1x1_228x128_10_f0b10f2f56.jpg", "Packsize": "5pk", "Price": "$2.99", "Price per unit": "$1.50 per 100g"},
{"Product_title": "White Mini Chocolate Bars 5 x 40g", "Product_image": "https://www.aldi.com.au/fileadmin/_processed_/0/f/csm_ALC7929_Choceur_Range_1x1_228x128_11_08d4103b5c.jpg", "Packsize": "5pk", "Price": "$2.99", "Price per unit": "$1.50 per 100g"},
{"Product_title": "Hazelnut Mini Chocolate Bars 5 x 40g", "Product_image": "https://www.aldi.com.au/fileadmin/_processed_/d/e/csm_ALN1075_1x1_CHOCOLATE_228x128_2_e2975ef762.jpg", "Packsize": "5pk", "Price": "$2.99", "Price per unit": "$1.50 per 100g"},
{"Product_title": "Marzipan Mini Chocolate Bars 5 x 40g", "Product_image": "https://www.aldi.com.au/fileadmin/_processed_/f/3/csm_ALC7929_Choceur_Range_1x1_228x128_13_49d4fa7114.jpg", "Packsize": "5pk", "Price": "$2.99", "Price per unit": "$1.50 per 100g"},
{"Product_title": "White Crisp Mini Chocolate Bars 5 x 40g", "Product_image": "https://www.aldi.com.au/fileadmin/_processed_/1/e/csm_ALC7929_Choceur_Range_1x1_228x128_12_52a1f5a870.jpg", "Packsize": "5pk", "Price": "$2.99", "Price per unit": "$1.50 per 100g"},
{"Product_title": "Choceur Mountain Bar 100g", "Product_image": "https://www.aldi.com.au/fileadmin/_processed_/5/c/csm_ALN2230_Q1_CHOCOLATE_1x1_228x128__b9f35aa6ba.jpg", "Packsize": null, "Price": "$1.99", "Price per unit": "$1.99 per 100g"}
]